@article{sample2024,
  author = {著者名},
  title = {サンプル論文タイトル},
  journal = {ジャーナル名},
  volume = {1},
  number = {1},
  pages = {1--10},
  year = {2024},
  publisher = {出版社}
}

@book{example2024,
  author = {著者名},
  title = {サンプル書籍タイトル},
  publisher = {出版社},
  year = {2024}
}
